
@Misc{Petachem,
	title = "TeraChem v 1.0",
	author = "LLC {(2011) PetaChem}",
	url = "http://www.petachem.com"
}

@Misc{PetachemResults,
	title = "TeraChem Performance Analysis",
	author = "LLC {(2011) PetaChem}",
	url = "http://www.petachem.com/performance.html"
}

@manual{amber11,
author = {Case, David A and Darden, T A and Cheatham, T E and Simmerling, Carlos L and Wang, J and Duke, Robert E and Luo, Ray and Crowley, Michael and Walker, Ross C and Zhang, W and Merz, K M and Wang, B and Hayik, S and Roitberg, Adrian and Seabra, Gustavo and Kolossv\'{a}ry, I and Wong, K F and Paesani, F and Vanicek, J and Wu, X and Brozell, Scott R and Steinbrecher, Tom and Gohlke, Holger and Yang, L and Tan, C and Mongan, J and Hornak, V and Cui, G and Mathews, D H and Seetin, M G and Sagui, C and Babin, V and Kollman, Peter A},
keywords = {molecular-dynamics},
organization = {University of California, San Francisco},
title = {{Amber 11}}
}

@article{yasuda2008accelerating,
  title={{Accelerating density functional calculations with graphics processing unit}},
  author={Yasuda, K.},
  journal={Journal of Chemical Theory and Computation},
  volume={4},
  number={8},
  pages={1230--1236},
  issn={1549-9618},
  year={2008},
  publisher={ACS Publications}
}

@article{neese2007orca,
author = {Neese, Frank},
doi = {10.1002/wcms.81},
issn = {1759-0884},
journal = {Wiley Interdisciplinary Reviews: Computational Molecular Science},
number = {1},
pages = {73--78},
publisher = {John Wiley \& Sons, Inc.},
title = {{The ORCA program system}},
url = {http://dx.doi.org/10.1002/wcms.81},
volume = {2},
year = {2012}
}

@article{molecole,
 title={{Methods and techniques in computational chemistry}},
 author={Estrin DA, Corongiu G, Clementi E},
 journal={METECC},
 volume={12}, 
 year={1993}
}
       
@article{crespo2003dft,
  title={{A DFT-based QM-MM approach designed for the treatment of large molecular systems: Application to chorismate mutase}},
  author={Crespo, A. and Scherlis, D.A. and Mart{\'\i}, M.A. and Ordej{\'o}n, P. and Roitberg, A.E. and Estrin, D.A.},
  journal={The Journal of Physical Chemistry B},
  volume={107},
  number={49},
  pages={13728--13736},
  issn={1520-6106},
  year={2003},
  publisher={ACS Publications}
}
@article{crespo2005multiple,
  title={{Multiple-steering QM-MM calculation of the free energy profile in chorismate mutase}},
  author={Crespo, A. and Mart{\'\i}, M.A. and Estrin, D.A. and Roitberg, A.E.},
  journal={Journal of the American Chemical Society},
  volume={127},
  number={19},
  pages={6940--6941},
  issn={0002-7863},
  year={2005},
  publisher={ACS Publications}
}

@article{friesner2005ab,
  title={{Ab initio quantum chemical and mixed quantum mechanics/molecular mechanics (QM/MM) methods for studying enzymatic catalysis}},
  author={Friesner, R.A. and Guallar, V.},
  journal={Annu. Rev. Phys. Chem.},
  volume={56},
  pages={389--427},
  issn={0066-426X},
  year={2005},
  publisher={Annual Reviews}
}

@article{martí2004qm,
  title={{QM-MM study of nitrite reduction by nitrite reductase of Pseudomonas aeruginosa}},
  author={Mart{\'\i}, M.A. and Crespo, A. and Bari, S.E. and Doctorovich, F.A. and Estrin, D.A.},
  journal={The Journal of Physical Chemistry B},
  volume={108},
  number={46},
  pages={18073--18080},
  issn={1520-6106},
  year={2004},
  publisher={ACS Publications}
}

@article{sproviero2006qm,
  title={{QM/MM models of the O2-evolving complex of photosystem II}},
  author={Sproviero, E.M. and Gasc{\'o}n, J.A. and McEvoy, J.P. and Brudvig, G.W. and Batista, V.S.},
  journal={Journal of Chemical Theory and Computation},
  volume={2},
  number={4},
  pages={1119--1134},
  issn={1549-9618},
  year={2006},
  publisher={ACS Publications}
}
@article{ridder2003ab,
  title={{Ab initio QM/MM modeling of the hydroxylation step in p-hydroxybenzoate hydroxylase}},
  author={Ridder, L. and Harvey, J.N. and Rietjens, I.M.C.M. and Vervoort, J. and Mulholland, A.J.},
  journal={The Journal of Physical Chemistry B},
  volume={107},
  number={9},
  pages={2118--2126},
  issn={1520-6106},
  year={2003},
  publisher={ACS Publications}
}
@article{capece2006heme,
  title={{Heme protein oxygen affinity regulation exerted by proximal effects}},
  author={Capece, L. and Marti, M.A. and Crespo, A. and Doctorovich, F. and Estrin, D.A.},
  journal={Journal of the American Chemical Society},
  volume={128},
  number={38},
  pages={12455--12461},
  issn={0002-7863},
  year={2006},
  publisher={ACS Publications}
}
@ARTICLE{KohnySham,
   author = {{Kohn}, W. and {Sham}, L.~J.},
    title = "{Self-Consistent Equations Including Exchange and Correlation Effects}",
  journal = {Physical Review},
     year = 1965,
    month = nov,
   volume = 140,
    pages = {1133-1138},
      doi = {10.1103/PhysRev.140.A1133},
   adsurl = {http://adsabs.harvard.edu/abs/1965PhRv..140.1133K},
  adsnote = {Provided by the SAO/NASA Astrophysics Data System}
}
@article{Stratmann1996213,
title = "Achieving linear scaling in exchange-correlation density functional quadratures",
journal = "Chemical Physics Letters",
volume = "257",
number = "3â€“4",
pages = "213 - 223",
year = "1996",
note = "",
issn = "0009-2614",
doi = "10.1016/0009-2614(96)00600-8",
url = "http://www.sciencedirect.com/science/article/pii/0009261496006008",
author = "R.Eric Stratmann and Gustavo E. Scuseria and Michael J. Frisch"
}

@article{PBE,
  title = {Generalized Gradient Approximation Made Simple},
  author = {Perdew, John P. and Burke, Kieron and Ernzerhof, Matthias},
  journal = {Phys. Rev. Lett.},
  volume = {77},
  issue = {18},
  pages = {3865--3868},
  year = {1996},
  month = {Oct},
  doi = {10.1103/PhysRevLett.77.3865},
  url = {http://link.aps.org/doi/10.1103/PhysRevLett.77.3865},
  publisher = {American Physical Society}
}
