@article{siesta,
  title={{The SIESTA method for ab initio order-N materials simulation}},
  author={Soler, J.M. and Artacho, E. and Gale, J.D. and Garcia, AI and Junquera, J. and Ordejon, P. and S{\'a}nchez-Portal, D.},
  journal={Journal of Physics Condensed Matter},
  volume={14},
  number={11},
  pages={2745--2780},
  year={2002},
  publisher={IOP Publishing Ltd}
}

@article{gaussian,
  title={{Gaussian 03, Revision C. 02, Gaussian}},
  author={Frisch, MJ and Trucks, GW and Schlegel, HB and Scuseria, GE and Robb, MA and Cheeseman, JR and Montgomery Jr, JA and Vreven, T. and Kudin, KN and Burant, JC and others},
  journal={Inc., Wallingford, CT},
  year={2004}
}

@article{vosko,
   author = {{Vosko}, S.~H. and {Wilk}, L. and {Nusair}, M.},
    title = "{Accurate spin-dependent electron liquid correlation energies for local spin density calculations: a critical analysis}",
  journal = {Canadian Journal of Physics},
     year = 1980,
   volume = 58,
    pages = {1200-+}
}

@manual{cuda,
  title = "NVIDIA CUDA Programming Guide 2.2",
  author = "NVIDIA",
  date = 2,
  month = 4,
  year = 2009
}

@misc{tesla-spec,
  title = {Tesla {C1060} Computing Processor},
  author = "NVIDIA",
  howpublished = {\url{http://www.nvidia.com/object/product_tesla_c1060_us.html}}
}

@misc{brook,
  title = "Brook language",
  howpublished = {\url{http://graphics.stanford.edu/projects/brookgpu/lang.html}}
}


@book{garcha,
  author = "Dar{\'i}o A. Estrin and G. Corongiu and E. Clementi",
  title = "Methods and Techniques in Computational Chemistry",
  year = "1993",
  chapter = "12",
  publisher = "METECC"
}

@article{becke,
author = {A. D. Becke},
collaboration = {},
title = {A multicenter numerical integration scheme for polyatomic molecules},
publisher = {AIP},
year = {1988},
journal = {The Journal of Chemical Physics},
volume = {88},
number = {4},
pages = {2547-2553},
doi = {10.1063/1.454033}
}

@article{pesos_lineal,
  title = "Achieving linear scaling in exchange-correlation density functional quadratures",
  journal = "Chemical Physics Letters",
  volume = "257",
  number = "3-4",
  pages = "213 - 223",
  year = "1996",
  note = "",
  issn = "0009-2614",
  author = "R. Eric Stratmann and Gustavo E. Scuseria and Michael J. Frisch"
}

@article{lebedev1,
title = "Values of the nodes and weights of ninth to seventeenth order gauss-markov quadrature formulae invariant under the octahedron group with inversion",
journal = "USSR Computational Mathematics and Mathematical Physics",
volume = "15",
number = "1",
pages = "44 - 51",
year = "1975",
note = "",
issn = "0041-5553",
doi = "DOI: 10.1016/0041-5553(75)90133-0",
author = "V. I. Lebedev"
}

@article{lebedev2,
  title = "Quadratures on a sphere",
  journal = "USSR Computational Mathematics and Mathematical Physics",
  volume = "16",
  number = "2",
  pages = "10 - 24",
  year = "1976",
  note = "",
  issn = "0041-5553",
  doi = "DOI: 10.1016/0041-5553(76)90100-2",
  author = "V. I. Lebedev"
}

@inproceedings{congreso,
  author = "Mat\'ias Nitsche and Mariano Gonz\'alez Lebrero and Dar\'io Estr\'in",
  title = "{A}ccelerating {DFT} calculations using the {G}raphical {P}rocessor {U}nit",
  number = "37",
  booktitle = "Jornadas Argentinas de Inform\'atica - JAIIO HPC",
  year = "2008",
  address = "UTN-FRSF, Ciudad de Santa Fe, Provincia de Santa Fe, Argentina"
}

@article{yasuda,
  author = "Koji Yasuda",
  citeulike-article-id = {4285298},
  doi = {10.1021/ct8001046},
  journal = {Journal of Chemical Theory and Computation},
  keywords = {gpu},
  month = {August},
  number = {8},
  pages = {1230--1236},
  posted-at = {2009-04-07 22:28:54},
  priority = {2},
  title = {Accelerating Density Functional Calculations with Graphics Processing Unit},
  volume = {4},
  year = {2008}
}

@article{kohnsham,
  title = {Self-Consistent Equations Including Exchange and Correlation Effects},
  author = {Kohn, W.  and Sham, L. J.},
  journal = {Phys. Rev.},
  volume = {140},
  number = {4A},
  pages = {A1133--A1138},
  numpages = {5},
  year = {1965},
  month = {Nov},
  doi = {10.1103/PhysRev.140.A1133},
  publisher = {American Physical Society}
}

@misc{hamada,
  author = {Tsuyoshi Hamada and Toshiaki Iitaka},
  title = {The Chamomile Scheme: An Optimized Algorithm for N-body simulations on Programmable Graphics Processing Units},
  year = {2007}
}

@article{gpumd,
  author = {John E. Stone and James C. Phillips and Peter L. Freddolino and David J. Hardy and Leonardo G. Trabuco and Klaus Schulten},
  title = {Accelerating molecular modeling applications with graphics processors},
  journal = {Journal of Computational Chemistry},
  volume = 28,
  number = 16,
  pages = {2618--2640},
  year = 2007,
  doi = {10.1002/jcc.20829}
}

@article{yasuda_anterior,
  author = "Koji Yasuda",
  title = {Two-electron integral evaluation on the graphics processor unit},
  journal = {Journal of Computational Chemistry},
  volume = 29,
  number = 3,
  pages = {334--342},
  year = 2008,
  doi = {10.1002/jcc.20779}
}

@article{vogt,
  author = {Leslie Vogt and Roberto Olivares-Amaya and Sean Kermes and Yihan Shao and Carlos Amador-Bedolla and Alan Aspuru-Guzik},
  title = {Accelerating Resolution-of-the-Identity Second-Order Moller-Plesset Quantum Chemistry Calculations with Graphical Processing Units},
  year = 2008,
  doi = {10.1021/jp0776762},
  journal = {The Journal of Physical Chemistry},
  pages = {2049--2057},
  volume = 112,
  publisher = {American Chemical Society}
}

@article{ufimtsev,
  author = {Ivan S. Ufimtsev and Todd J. Martinez},
  title = {Quantum Chemistry on Graphical Processing Units. 1. Strategies for Two-Electron Integral Evaluation},
  year = 2008,
  doi = {10.1021/ct700268q},
  journal = {Journal of Chemical Theory and Computation},
  pages = {222--231},
  volume = 4,
  publisher = {American Chemical Society}
}

@article{anderson,
  author = "Amos G. Anderson and William A. Goddard III and Peter Schr{\"o}der",
  title = "Quantum Monte Carlo on graphical processing units",
  journal = "Computer Physics Communications",
  volume = "177",
  number = "3",
  pages = "298 - 306",
  year = "2007",
  issn = "0010-4655",
  doi = "DOI: 10.1016/j.cpc.2007.03.004"
}

@techreport{opencl,
  title={{The OpenCL specification version 1.0}},
  author={Munshi, A.},
  institution={Technical report, Khronos OpenCL Working Group, 2009.04. 02}
}

@conference{cg,
  title={{Cg: A system for programming graphics hardware in a C-like language}},
  author={Mark, W.R. and Glanville, R.S. and Akeley, K. and Kilgard, M.J.},
  booktitle={International Conference on Computer Graphics and Interactive Techniques},
  pages={896--907},
  year={2003},
  organization={ACM New York, NY, USA}
}

@book{glsl,
  title={{OpenGL (R) Shading Language}},
  author={Rost, R.J.},
  year={2005},
  publisher={Addison-Wesley Professional}
}

@article{base-dzp,
  title={{Optimization of Gaussian-type basis sets for local spin density functional calculations. Part I. Boron through neon, optimization technique and validation}},
  author={Godbout, N. and Salahub, D.R. and Andzelm, J. and Wimmer, E.},
  journal={Canadian Journal of Chemistry},
  volume={70},
  number={2},
  pages={560--571},
  year={1992},
  publisher={NRC Research Press}
}

@article{crespo2003dft,
  title={{A DFT-based QM-MM approach designed for the treatment of large molecular systems: application to chorismate mutase}},
  author={Crespo, A. and Scherlis, D.A. and Mart{\'\i}, M.A. and Ordejon, P. and Roitberg, A.E. and Estrin, D.A.},
  journal={Journal of Physical Chemistry B-Condensed Phase},
  volume={107},
  number={49},
  pages={13728--13736},
  year={2003},
  publisher={Washington, DC: American Chemical Society, c1997-}
}

@article{marti2004qm,
  title={{QM- MM Study of Nitrite Reduction by Nitrite Reductase of Pseudomonas aeruginosa}},
  author={Marti, M.A. and Crespo, A. and Bari, S.E. and Doctorovich, F.A. and Estrin, D.A.},
  journal={J. Phys. Chem. B},
  volume={108},
  number={46},
  pages={18073--18080},
  year={2004}
}

@article{crespo2005theoretical,
  title={{Theoretical study of the truncated hemoglobin HbN: exploring the molecular basis of the NO detoxification mechanism}},
  author={Crespo, A. and Marti, M.A. and Kalko, S.G. and Morreale, A. and Orozco, M. and Gelpi, J.L. and Luque, F.J. and Estrin, D.A.},
  journal={J. Am. Chem. Soc},
  volume={127},
  number={12},
  pages={4433--4444},
  year={2005}
}

@article{capece2006heme,
  title={{Heme protein oxygen affinity regulation exerted by proximal effects}},
  author={Capece, L. and Marti, M.A. and Crespo, A. and Doctorovich, F. and Estrin, D.A.},
  journal={Journal of the American Chemical Society},
  volume={128},
  number={38},
  pages={12455--12461},
  year={2006},
  publisher={[Washington, DC: American Chemical Society], 1879-}
}

@article{lebrero2002solvent,
  title={{Solvent-induced symmetry breaking of nitrate ion in aqueous clusters: A quantum-classical simulation study}},
  author={Lebrero, M.C.G. and Bikiel, D.E. and Elola, M.D. and Estrin, D.A. and Roitberg, A.E.},
  journal={The Journal of Chemical Physics},
  volume={117},
  pages={2718},
  year={2002}
}

@article{bikiel2005solvation,
  title={{Solvation and Structure of LiAlH4 in Ethereal Solvents}},
  author={Bikiel, D.E. and Di Salvo, F. and Lebrero, M.C.G. and Doctorovich, F. and Estrin, D.A.},
  journal={Inorg. Chem},
  volume={44},
  number={15},
  pages={5286--5292},
  year={2005}
}

@article{lebrero2005solvent,
  title={{Solvent effects on peroxynitrite structure and properties from QM/MM simulations}},
  author={Lebrero, M.C.G. and Perissinotti, L.L. and Estrin, D.A.},
  journal={J. Phys. Chem. A},
  volume={109},
  number={42},
  pages={9598--9604},
  year={2005}
}

@article{guardia2008qm,
  title={{QM--MM investigation of the reaction products between nitroxyl and O2 in aqueous solution}},
  author={Guardia, C.M.A. and Gonz{\'a}lez Lebrero, M.C. and Bari, S.E. and Estrin, D.A.},
  journal={Chemical Physics Letters},
  volume={463},
  number={1-3},
  pages={112--116},
  year={2008},
  publisher={Elsevier}
}
@book{dft,
  title={{Density functional theory of atoms and molecules}},
  author={Parr, R.G. and Yang, W.},
  year={1989},
  publisher={Oxford University Press, New York}
}

@article{genovese2009density,
  title={{Density functional theory calculation on many-cores hybrid central processing unit-graphic processing unit architectures}},
  author={Genovese, L. and Ospici, M. and Deutsch, T. and M{\'e}haut, J.F. and Neelov, A. and Goedecker, S.},
  journal={The Journal of Chemical Physics},
  volume={131},
  pages={034103},
  year={2009}
}
